@article{castellani1999thermoregulation,
  title={Thermoregulation during cold exposure: effects of prior exercise},
  author={Castellani, John W and Young, Andrew J and Kain, James E and Rouse, Amy and Sawka, Michael N},
  journal={Journal of Applied Physiology},
  volume={87},
  number={1},
  pages={247--252},
  year={1999},
  publisher={Am Physiological Soc}
}
