@online{euromil,
  author = {milex},
  title = {Primo Rapporto Annuale sulle Spese Militari Italiane},
  year = {2017},
  keywords={bookmark,militar,euros,association},
  url = {http://milex.org/},
  urldate = {2017-03-06},
  addendum={Chi siamo: $MIL€X$ nasce per iniziativa di Enrico Piovesana e Francesco Vignarca, con la collaborazione del Movimento Nonviolento, fondato da Aldo Capitini nel 1962, e nell’ambito delle attività della Rete Italiana per il Disarmo.}
}