@online{plus500,
  author = {plus500},
  title = {Piattaforma treding plus500},
  year = {2017},
  keywords={invest,trading,money,online},
  url = {https://www.plus500.it/Help/AboutUs.aspx},
  urldate = {2017-03-19},
addendum={La piattaforma di trading Plus500 è offerta da Plus500CY Ltd, una società con sede a Cipro, con i propri uffici a Limassol. La società è autorizzata e regolamentata dalla Cyprus Securities and Exchange Commission (CySEC) ad offrire Contratti Differenziali (CFD). La società è un fornitore di CFD in rapida crescita e attualmente offre un portafoglio di oltre 2000 strumenti. Plus500CY Ltd è una filiale di Plus500 Ltd, società quotata presso il mercato AIM della Borsa di Londra (LSE).}
}