@online{CETAGB,
  author = {Grilloblog},
  title = {CETA, un silenzioso colpo di Stato?},
  year = {2017},
  keywords={toread,grilloblog,ceta,online},
  url = {http://www.beppegrillo.it/2017/02/ceta_un_silenzioso_colpo_di_stato.html},
  urldate = {2017-02-11}
}

@online{gitupstream,
  author = {stackexchange},
  title = {git,branches,upstream,remote},
  year = {2018},
  keywords={LaTeX,bookmark,pin distance,pgfplot,pin,online},
  url = {https://stackoverflow.com/a/6244487/4178260},
  urldate = {2018-07-22}
}

@online{debiankernelbisect,
  author = {debian.org},
  title = {Using git bisect to debug linux kernel (and how to install it)},
  year = {2019},
  keywords={git,linux,kernel,bisect, build kernel},
  url = {https://wiki.debian.org/DebianKernel/GitBisect},
  urldate = {2018-12-22}
}

@online{tikzgnuplotscript,
  author = {stackexchange},
  title = {Use gnuplot script in addplot},
  year = {2019},
  keywords={gnuplot, addplot, pgfplot, raw gnuplot,gnuplot script},
  url = {https://tex.stackexchange.com/questions/198706/convert-gnuplot-script-to-pgfplots-using-raw-gnuplot-option},
  urldate = {2019-03-01}
}

@online{tikzgnuplotparam,
  author = {stackexchange},
  title = {addplot using gnuplot with external parameter},
  year = {2019},
  keywords={gnuplot, addplot, pgfplot, parameter},
  url = {https://tex.stackexchange.com/questions/100712/plotting-functions-with-parameters-from-an-external-file-using-gnuplot-pgfplots},
  urldate = {2019-03-01}
}

@online{limeseurogeuroitalia,
  author = {limes},
  title = {Italia salta euro tedesco},
  year = {2018},
  keywords={LaTeX,bookmark,pin distance,pgfplot,pin,online},
  url = {http://www.limesonline.com/cartaceo/senza-italia-salta-leuro-ma-anche-leuropa-tedesca},
  urldate = {2018-06-04}
}

@online{pgfplot-pin-length,
  author = {stackexchange},
  title = {pgfplot pin length},
  year = {2017},
  keywords={LaTeX,bookmark,pin distance,pgfplot,pin,online},
  url = {http://tex.stackexchange.com/questions/69679/pgfplot-pin-length},
  urldate = {2017-04-16}
}

@online{git-scm-rebase,
  author = {git-scm},
  title = {pgfplot pin length},
  year = {2018},
  keywords={git,rebase,branches,commit},
  url = {https://git-scm.com/docs/git-rebase},
  urldate = {2018-07-22}
}

@online{wikibooks-ffmpeg-sub,
  author = {wikibooks},
  title = {FFMPEG-An Intermediate Guide: subtitle options},
  year = {2017},
  keywords={ffmpeg,wiki,subtitles,online},
  url = {https://en.wikibooks.org/wiki/FFMPEG_An_Intermediate_Guide/subtitle_options
},
  urldate = {2017-09-28}
}

@online{ffmpegtag,
  author = {ffmpeg},
  title = {Ftags-ffmpeg},
  year = {2017},
  keywords={ffmpeg,tag,online},
  url = {https://trac.ffmpeg.org/tags},
  urldate = {2017-09-28}
}

@online{macportsFAQ,
  author = {macports},
  title = {macports FAQ},
  year = {2017},
  keywords={macports,FAQ,online},
  url = {https://trac.macports.org/wiki/FAQ},
  urldate = {2017-09-28}
}

@online{git-push-master-fatal,
  author = {stackoverflow.com},
  title = {git push master fatal you are not currently on a branch},
  year = {2017},
  keywords={git,bookmark,git checkout,master,stackoverflow.com,online},
  url = {http://stackoverflow.com/questions/30471557/git-push-master-fatal-you-are-not-currently-on-a-branch},
  urldate = {2017-04-18}
}

@online{viewing-old-commits,
  author = {atlassian},
  title = {pgfplot pin length},
  year = {2017},
  keywords={git,bookmark,git checkout,online},
  url = {https://fr.atlassian.com/git/tutorials/viewing-old-commits/},
  urldate = {2017-04-16}
}

@online{Git-Basics-Viewing-the-Commit-History,
  author = {git-scm.com},
  title = {Git Basics Viewing the Commit History},
  year = {2017},
  keywords={git,bookmark,log,history,online},
  url = {https://git-scm.com/book/en/v2/Git-Basics-Viewing-the-Commit-History},
  urldate = {2017-04-16}
}

@online{finding-diff-between-current-and-last-versions,
  author = {stackoverflow.com},
  title = {finding diff between current and last versions},
  year = {2017},
  keywords={bookmark,diff,HEAD,git,online},
  url = {http://stackoverflow.com/questions/9903541/finding-diff-between-current-and-last-versions
},
  urldate = {2017-04-18}
}

@online{how-to-fix-tikz-nodes-height-with-heightof,
  author = {tex.stackexchange.com},
  title = {how to fix tikz nodes height with heightof},
  year = {2017},
  keywords={bookmark,tikz,latex,nodes,height,online},
  url = {http://tex.stackexchange.com/questions/78288/how-to-fix-tikz-nodes-height-with-heightof
},
  urldate = {2017-04-19}
}

@online{tikz-arrowheads-in-the-center,
  author = {tex.stackexchange.com},
  title = {tikz arrowheads in the center},
  year = {2017},
  keywords={bookmark,tikz,latex,arrow,head positiion,online},
  url = {http://tex.stackexchange.com/questions/39278/tikz-arrowheads-in-the-center
},
  urldate = {2017-04-19}
}

@online{mathtools-with-mu-illegal-unit,
  author = {tex.stackexchange.com},
  title = {mathtools with mu illegal unit},
  year = {2017},
  keywords={bookmark,latex,math,unit,online},
  url = {http://tex.stackexchange.com/questions/188215/mathtools-with-mu-illegal-unit
},
  urldate = {2017-04-19}
}

@online{how-to-change-default-for-spacing-math,
  author = {tex.stackexchange.com},
  title = {how to change default for spacing around binary relations},
  year = {2017},
  keywords={bookmark,latex,math,space,binary relations,online},
  url = {http://tex.stackexchange.com/questions/55512/how-to-change-default-for-spacing-around-binary-relations
},
  urldate = {2017-04-19}
}

@online{latexPagestyle,
  author = {tug},
  title = {Page styles on steroids or memoir makes page styling easy},
  year = {2017},
  keywords={toread,LaTeX,memoir,page style,online},
  url = {https://tug.org/pracjourn/2008-2/madsen/madsen.pdf},
  urldate = {2017-03-03}
}

@online{fix-a-git-detached-head,
  author = {fix a git detached head},
  title = {numerical methods luatex},
  year = {2017},
  keywords={bookmark,git,detached head,merge,online},
  url = {http://stackoverflow.com/questions/10228760/fix-a-git-detached-head},
  urldate = {2017-04-17}
}

@online{numericalLUATeX,
  author = {unirioja},
  title = {numerical methods luatex},
  year = {2017},
  keywords={toread,LUA,online},
  url = {http://www.unirioja.es/cu/jvarona/downloads/numerical-methods-luatex.pdf},
  urldate = {2017-02-25}
}

@online{modernaviola,
  author = {FQ},
  title = {Bill Viola a Firenze, il Rinascimento che si fa videoarte},
  year = {2017},
  keywords={toread,LUA,online},
  url = {http://www.ilfattoquotidiano.it/2017/03/11/bill-viola-a-firenze-il-rinascimento-che-si-fa-videoarte/3445215/},
  urldate = {2017-03-12},
  addendum={Rinascimento elettronico dunque, perch\'e la forza delle immagini che vengono dal passato sgorga immutata anche dalle immagini contemporanee, capaci di sovvertire pi\'u delle armi l?ordine delle cose: come ci ricorda Viola, ''l?arma usata nell?11 settembre ? stata l?immagine e non l?aereo''.}
}

@online{latexrefsec,
  author = {stackexchange},
  title = {Get rsection names without label},
  year = {2017},
  keywords={bookmark,online,LaTeX,segmentation,get,ref},
  url = {http://tex.stackexchange.com/questions/75168/get-current-section-name-without-label},
  urldate = {2017-02-26}
}

@online{GOVSEC,
  author = {GOV-SEC},
  title = {SEC-GOV-USA},
  keywords={rules,oikos,USA,GOV,online},
  url = {https://www.sec.gov/}
}

@online{bibheadTSE,
  author = {TeX-StackExchange},
  title = {problems with addtocontent and addcontentsline},
  keywords={stackexchange,bibliography,heading,LaTeX,online},
  url = {http://tex.stackexchange.com/questions/101971/problems-with-addtocontent-and-addcontentsline}
}

@online{bibheadTSE,
  author = {TeX-StackExchange},
  title = {iffieldequals appears to return true for false conditions},
  keywords={stackexchange,bibliography,boolean,,LaTeX,iffieldequals,online},
  url = {http://tex.stackexchange.com/questions/290924/biblatex-iffieldequals-appears-to-return-true-for-false-conditions/290935#290935}
}

@online{grenewTSE,
  author = {TeX-StackExchange},
  title = {global renewcommand equivalent of global def},
  keywords={renewcommand,global,LaTeX,online},
  url = {http://tex.stackexchange.com/questions/51733/global-renewcommand-equivalent-of-global-def}
}

@online{nuclearebolletta,
  author = {FQ},
  title = {Post-nucleare a doppia velocit??: inerzia di Stato nei controlli e nelle nomine, mentre i cittadini pagano di pi?? ogni anno},
  keywords={Italia,nucleare,ambiente,bolletta,toread,online},
  url = {http://www.ilfattoquotidiano.it/2017/02/26/post-nucleare-a-doppia-velocita-inerzia-di-stato-nei-controlli-e-nelle-nomine-mentre-i-cittadini-pagano-di-piu-ogni-anno/3393790/}
}

@online{germaniadeflazione,
  author = {FQ},
  title = {La Germania esporta deflazione, depressione e disoccupazione. Perch??},
  keywords={Germania,mercantilismo,IMF,deflazione,online},
  url = {http://www.ilfattoquotidiano.it/2017/02/18/la-germania-esporta-deflazione-depressione-e-disoccupazione-perche/3399237/}
}

@online{LUA,
  author = {lua.org},
  title = {LUA.org},
  keywords={programming,LUA,online},
  url = {https://www.lua.org/}
}

@online{footnotes2env,
  author = {wikibooks},
  title = {Footnotes and environments problems},
  keywords={LaTeX,notes,environments,online},
  url = {https://en.m.wikibooks.org/wiki/LaTeX/Footnotes_and_Margin_Notes}
}

@online{MPSkeepcalm,
  author = {FQ},
  title = {Monte dei Paschi, la banca continua a non voler affrontare la realt??. Tanto alla fine il conto lo pagheremo noi},
  year = {2017},
  keywords={toread,MPS,FQ,online},
  url = {http://www.ilfattoquotidiano.it/2017/02/11/monte-dei-paschi-la-banca-continua-a-non-voler-affrontare-la-realta-tanto-alla-fine-il-conto-lo-pagheremo-noi/3384655/},
  urldate = {2017-02-11}
}

@online{mimefirefox,
  author = {??},
  title = {modify the mimeTypes.rdf},
  year = {2017},
  keywords={toread,W3C,MIME,rdf,online},
  url = {http://askubuntu.com/questions/141574/how-to-teach-firefox-to-open-rar-archives},
  urldate = {2017-02-19}
}

@online{weeklyTX,
  author = {limes},
  title = {La telefonata di Trump a Xi e il mondo questa settimana},
  year = {2017},
  keywords={toread,limes,week,february17,online},
  url = {http://www.limesonline.com/la-telefonata-di-trump-a-xi-e-il-mondo-questa-settimana/97014},
  urldate = {2017-02-11}
}

@online{bankunion,
  author = {lavoce},
  title = {unione bancaria un'altra delusione europea},
  year = {2017},
  keywords={marzo17,toread,lavoce,eu,banks,online},
  url = {http://www.lavoce.info/archives/45334/unione-bancaria-unaltra-delusione-europea/},
  urldate = {2017-03-06}
}

@online{eufounds,
  author = {lavoce},
  title = {cos\'i i fondi ue per la convergenza hanno mitigato la crisi},
  year = {2017},
  keywords={marzo17,toread,lavoce,eu,founds,online},
  url = {http://www.lavoce.info/archives/45340/cosi-i-fondi-ue-per-la-convergenza-hanno-mitigato-la-crisi/},
  urldate = {2017-03-06}
}

@online{bankunionarrow,
  author = {lavoce},
  title = {unione bancaria europa convergenza economica occupazione Kenneth Arrow grandi opere},
  year = {2017},
  keywords={marzo17,toread,lavoce,eu,Kenneth Arrow,online},
  url = {http://www.lavoce.info/archives/45352/unione-bancaria-europa-convergenza-economica-occupazione-kenneth-arrow-grandi-opere/},
  urldate = {2017-03-06}
}

@online{arrowstheory,
  author = {lavoce},
  title = {Kenneth Arrow il rivoluzionario della teoria},
  year = {2017},
  keywords={marzo17,toread,lavoce,Kenneth Arrow,online},
  url = {http://www.lavoce.info/archives/45347/kenneth-arrow-il-rivoluzionario-della-teoria/},
  urldate = {2017-03-06}
}

@online{mercatolavoremar17,
  author = {lavoce},
  title = {mercato del lavoro il lento miglioramento continua},
  year = {2017},
  keywords={marzo17,toread,lavoce,Mercato,lavoro,online},
  url = {http://www.lavoce.info/archives/45387/mercato-del-lavoro-il-lento-miglioramento-continua/},
  urldate = {2017-03-06}
}

@online{detrazioninsoluzione,
  author = {lavoce},
  title = {un taglio alle detrazioni non risolve i problemi di bilancio},
  year = {2017},
  keywords={marzo17,toread,lavoce,detrazioni,bilancio,online},
  url = {http://www.lavoce.info/archives/45325/un-taglio-alle-detrazioni-non-risolve-i-problemi-di-bilancio/},
  urldate = {2017-03-06}
}

@online{daticonsip,
  author = {lavoce},
  title = {dati consip troppa enfasi sulle economie di scala},
  year = {2017},
  keywords={marzo17,toread,lavoce,consip,economia di scala,online},
  url = {http://www.lavoce.info/archives/45311/dati-consip-troppa-enfasi-sulle-economie-di-scala/},
  urldate = {2017-03-06}
}

@online{zavorralitalia,
  author = {lavoce},
  title = {alitalia la zavorra dei costi impedisce decollo},
  year = {2017},
  keywords={marzo17,toread,lavoce,alitalia,online},
  url = {http://www.lavoce.info/archives/45289/alitalia-la-zavorra-dei-costi-impedisce-decollo%e2%80%8b/},
  urldate = {2017-03-06}
}

@online{exportitaliano,
  author = {lavoce},
  title = {I mille rivoli dell'export italiano},
  year = {2017},
  keywords={marzo17,toread,lavoce,export,online},
  url = {http://www.lavoce.info/archives/45226/mille-rivoli-dellexport-italiano/},
  urldate = {2017-03-06}
}

@online{wikicia,
  author = {FQ},
  title = {Wikileaks la CIA ci spia ma in passato aveva fatto di peggio},
  year = {2017},
  keywords={marzo17,cia,crimini,USA,informazione,online},
  url = {http://www.ilfattoquotidiano.it/2017/03/09/wikileaks-la-cia-ci-spia-ma-in-passato-aveva-fatto-di-peggio/3439300/},
  urldate = {2017-03-09}
}

@online{cinemapotere,
  author = {carmillaonline},
  title = {hard-working men john-henry stachanov due leggende auree del lavoro},
  year = {2017},
  keywords={marzo17,toread,carmilla,USA,carcere,Baraldini,online},
  url = {https://www.carmillaonline.com/2017/03/08/hard-working-men-john-henry-stachanov-due-leggende-auree-del-lavoro/},
  urldate = {2017-03-08},
  addendum={''Soltanto il passato appare veramente necessario, perch\'e non vi si pu\'e togliere n\'e aggiungere nulla. Ma il passato \'e veramente necessario?'' (Georg Luk\'acs ??? L???anima e le forme, 1911)}
}

@online{cinemapotere,
  author = {carmillaonline},
  title = {Video intervista a Silvia Baraldini},
  year = {2017},
  keywords={marzo17,toread,carmilla,USA,carcere,Baraldini,online},
  url = {https://www.carmillaonline.com/2017/02/22/video-intervista-a-silvia-baraldini/},
  urldate = {2017-03-08}
}

@online{cinemapotere,
  author = {carmillaonline},
  title = {Estetiche del potere. Visibilit?? televisiva ed invisibilit?? cinematografica del potere politico italiano},
  year = {2017},
  keywords={marzo17,toread,estetica,carmilla,cinema,potere,online},
  url = {https://www.carmillaonline.com/2017/03/07/31133/},
  urldate = {2017-03-08}
}
