@online{naviumanita,
  author = {A. Dal Lago},
  title = {Italia-Francia battaglia navale contro l'umanit\'a},
  journal={Ilmanifesto},
  date = {29-07-2017},
  keywords={bookmark,militar,euros,association},
  addendum={}
}